%%%%%%%%%%%%
% Articles %
%%%%%%%%%%%%

@article{STEGOMALWARE1,
	author  = {Guillermo Suarez-Tangil, Juan E. Tapiador, Pedro Peris-Lopez}, 
	title   = {Stegomalware: Playing Hide and Seek with
	Malicious Components in Smartphone Apps},
}

%%%%%%%%%%
% Livres %
%%%%%%%%%%

@book{FILIOL1,
	author = {Eric Filiol},
	title = {Virus informatique : Théorie, pratique et applications},
	date = {2009},
	edition = {2e édition},
	publisher = {Springer},
	isbn = {978-2-287-98199-9}
}

@book{FILIOL2,
	author = {Eric Filiol},
	title = {Techniques virales avancées},
	date = {2007},
	publisher = {Springer},
	isbn = {978-2-287-33887-8}
}

@book{FERRIE1,
	author = {Peter Ferrie},
	title = {The "Ultimate" Anti-Debugging Reference},
	date = {2011-05-04},
}

%%%%%%%%%%%%%
% Sites web %
%%%%%%%%%%%%%

@misc{VXHEAVEN1,
	title = {Virus don't harm, ignorance does}, year = {2016}, month = {Juin},
	howpublished = {\url{http://vxheaven.org}}
}

@misc{CODEPROJECT1,
	title = {An Anti-Reverse-Engineering Guide}, year = {2016}, month = {Juin},
	howpublished = {\url{http://www.codeproject.com/Articles/30815/An-Anti-Reverse-Engineering-Guide}},
}

@misc{INFOSECINSTITUTE1,
	title = {Anti-Memory-Dumping Techniques}, year = {2016}, month = {Juin},
	howpublished = {\url{http://resources.infosecinstitute.com/anti-memory-dumping-techniques/}},
}

@misc{MALWAREBYTES1,
	title = {Five anti-debugging tricks that sometimes fool analysts}, year = {2016}, month = {Juin},
	howpublished = {\url{https://blog.malwarebytes.org/threat-analysis/2014/09/five-anti-debugging-tricks-that-sometimes-fool-analysts/}},
}

@misc{ANTUKH1,
	title = {Malware techniques cheat sheet}, year = {2016}, month = {Juin},
	howpublished = {\url{http://antukh.com/blog/2015/01/19/malware-techniques-cheat-sheet/}},
}

@misc{SYMANTEC1,
	title = {Windows anti-debug reference},	year = {2016}, month = {Juin},
	howpublished = {\url{http://www.symantec.com/connect/articles/windows-anti-debug-reference}},
}

@misc{SPARECLOCKCYCLES1,
	title = {Stack necromancy defeating debuggers by raising the dead},	year = {2016}, month = {Juin},
	howpublished = {\url{https://spareclockcycles.org/2012/02/14/stack-necromancy-defeating-debuggers-by-raising-the-dead/}},
}

@misc{SECURITYXPLODED1,
	title = {Dll injection and hooking}, year = {2016}, month = {Juin},
	howpublished = {\url{http://securityxploded.com/dll-injection-and-hooking.php}},
}

@misc{INFOSECINSTITUTE2,
	title = {API hooking and DLL injection on Windows}, year = {2016}, month = {Juin},
	howpublished = {\url{http://resources.infosecinstitute.com/api-hooking-and-dll-injection-on-windows/}},
}

@misc{OPENSECURITYRESEARCH1,
	title = {Windows DLL injection basics}, year = {2016}, month = {Juin},
	howpublished = {\url{http://blog.opensecurityresearch.com/2013/01/windows-dll-injection-basics.html}},
}

@misc{JBREMER1,
	title = {x86 API hooking demystified}, year = {2016}, month = {Juin},
	howpublished = {\url{http://jbremer.org/x86-api-hooking-demystified/}},
}

@misc{HACKADEMICS1,
	title = {Forum : Virologie}, year = {2016}, month = {Juin},
	howpublished = {\url{http://hackademics.fr/forumdisplay.php?841-Virologie}},
}

@misc{OMNISECU1,
	title = {Rootkits, Different types of rootkits}, year = {2016}, month = {Juin},
	howpublished = {\url{http://www.omnisecu.com/security/rootkits.php}},
}

@misc{VANISH1,
	title = {Rootkits}, year = {2016}, month = {Juin},
	howpublished = {\url{http://vanish.org/security/rootkits.htm}},
}

@misc{INFOSECTODAY1,
	title = {Rootkits : The Ultimate Malware Threat}, year = {2016}, month = {Juin},
	howpublished = {\url{http://www.infosectoday.com/Articles/Rootkits.htm}}
}

@misc{KASPERSKY1,
	title = {Types of Malware}, year = {2016}, month = {Juin},
	howpublished = {\url{http://www.kaspersky.com/internet-security-center/threats/types-of-malware}}
}
